@inproceedings{jawalkar2024carbon,
  title={Carbon Credit Transfer System using Blockchain},
  author={Jawalkar, Shreyash and Shende, Rohan and Selokar, Rohit and Sendre, Sahil and Vairagde, Rupali},
  booktitle={2024 Third International Conference on Intelligent Techniques in Control, Optimization and Signal Processing (INCOS)},
  pages={1--6},
  year={2024},
  organization={IEEE}
}
@article{jamshidi2023financial,
  title={Financial innovation and environmental quality: Fresh empirical evidence from the EU Countries},
  author={Jamshidi, Neda and Owjimehr, Sakine and Etemadpur, Reza},
  journal={Environmental Science and Pollution Research},
  volume={30},
  number={29},
  pages={73372--73392},
  year={2023},
  publisher={Springer}
}
@article{parhamfar2024towards,
title={Towards the net zero carbon future: A review of blockchain-enabled peer-to-peer carbon trading},
author={Parhamfar, Mohammad and Sadeghkhani, Iman and Adeli, Amir Mohammad},
journal={Energy Science \& Engineering},
volume={12},
number={3},
pages={1242--1264},
year={2024},
publisher={Wiley Online Library}
}
@inproceedings{padmavathi2024blockchain,
title={Blockchain Based Credit System to Increase the Creditability through Carbon Offset Level},
author={Padmavathi, A and Reddy, G Charan and Santhosh, Gauri},
booktitle={2024 IEEE International Conference on Computing, Power and Communication Technologies (IC2PCT)},
volume={5},
pages={1181--1186},
year={2024},
organization={IEEE}
}
@article{boumaiza2024leveraging,
title={Leveraging blockchain technology to enhance transparency and efficiency in carbon trading markets},
author={Boumaiza, Ameni and Maher, Kenza},
journal={International Journal of Electrical Power \& Energy Systems},
volume={162},
pages={110225},
year={2024},
publisher={Elsevier}
}
@misc{enejison2022blocks,
title={Blocks and Credits: A Sustainability Lens on Blockchain Technology in Voluntary Carbon Markets},
author={Enejison, Michael and Ejide, Obinna and Nemanic, Carly},
year={2022}
}
@article{wu2022sustainable,
title={Sustainable ai: Environmental implications, challenges and opportunities},
author={Wu, Carole-Jean and Raghavendra, Ramya and Gupta, Udit and Acun, Bilge and Ardalani, Newsha and Maeng, Kiwan and Chang, Gloria and Aga, Fiona and Huang, Jinshi and Bai, Charles and others},
journal={Proceedings of Machine Learning and Systems},
volume={4},
pages={795--813},
year={2022}
}
@article{donofrio2022art,
title={The art of integrity: State of voluntary carbon markets, Q3 insights briefing},
author={Donofrio, S and Maguire, P and Daley, C and Calderon, C and Lin, K},
journal={Forest Trends Association},
year={2022}
}
@article{ref9,
title= {refernces 9}
}
@article{ref10,
title= {refernces 10}
}
@article{ref11,
title= {refernces 11}
}
@article{ref12,
title= {refernces 12}
}
@article{ref13,
title= {refernces 13}
}
@article{ref14,
title= {refernces 14}
}
@article{ref15,
title= {refernces 15}
}
@article{re16,
title= {refernces 16}
}
@article{zhang2020ai,
title={AI-based predictive models for forecasting carbon credit prices and emission levels},
author={Zhang, Z and Li, x and Wang, Y},
journal={Journal of Environmental Economics and Management},
volume={4},
number={3},
Pages={135-148},
year={2020}
}
@article{Gao2022predicting,
    author = {Gao, L and Zhou, H and Huang, J},
    title = {Predicting carbon credit demand using neural networks},
    journal = {Environmental Modeling \& Software},
    volume = {132}, 
    pages = {45-56},
    year = {2022}
}
@article{Cheng2021ai,
    author = {Cheng, X and Zhou, Y and Liu, Z},
    title = {AI-powered emission monitoring system combining IoT sensors and machine learning},
    journal = {Energy AI},
    volume = {4},
    pages = {11-23},
    year = {2021}
}
@article{zhao2021optimizing,
    author = {Zhao, S and Sun, L and Liu, W},
    title = {Optimizing carbon credit pricing and trade decisions with reinforcement learning},
    journal = {Artificial Intelligence in Finance},
    volume = {38},
    pages = {177-189},
    year = {2021}
}
@article{xu2020enhancing,
    author = {Xu, Y and Yu, w and Zhang, J},
    title = {Enhancing trade efficiency in carbon markets using machine learning models},
    journal = {Journal of Computational Finance},
    volume = {34}, 
    pages = {68-79},
    year = {2020}
}
@article{chen2021fraud,
    author = {Chen, M and Zhang, Y and Zhou, Y},
    title = {Fraud detection system for carbon credit transactions using deep learning},
    journal = {Journal of Financial Crime},
    volume = {28},
    number = {2},
    pages = {102-116},
    year = {2021}
}
@article{wang2022detecting,
    author = {Wang, H and Li, C and Xu, M},
    title = {Detecting inconsistencies in carbon reduction reports using supervised learning},
    journal = {Journal of Environmental Management},
    volume = {256},
    page = {91-102},
    year = {2022}
}
@article{Li2022ai,
    author = {Li, L and Chen, J and Zhang, Y},
    title = {AI-based framework for automating carbon credit issuance and monitoring},
    journal = {Sustainability Science},
    volume = {17},
    number = {5}, 
    pages = {901-916},
    year = {2022}
}
@article{Lin2022hybrid,
    author = {Lin, T and Zhang, P and He, Z},
    title = {Hybrid AI-blockchain platform for carbon trading},
    journal = {Blockchain Research and Applications},
    volume = {9},
    pages = {67-81},
    year = {2022}
}
@article{kumar2020enhancing,
    author = {Kumar, A and Gupta, P and Sharma, S},
    title = {Enhancing blockchain platforms with AI for better transaction accuracy},
    journal = {International Journal of Blockchain Technology},
    volume = {14},
    number ={1},
    pages = {55-67},
    year = {2020}
}
@article{huang2023ai,
    author = {Huang, G and Zhang, R and Zhao, X},
    title = {AI and blockchain-based smart contract integration for dynamic pricing in carbon trading},
    journal = {Energy Economics},
    volume = {45},
    pages = {23-34},
    year = {2023}
}
@article{tang2021automating,
    author = {Tang, M and Lin, T and Yang, H},
    title = {Automating smart contract execution with AI in carbon trading},
    journal = {Blockchain and Cryptocurrencies},
    volume = {12},
    number = {6},
    pages = {112-124},
    year = {2021}
}
@article{yang2022ai,
    author = {Yang, X and Wei, L and Zhou, Z},
    title = {AI for decision-making with blockchain for environmental tracking in carbon markets},
    journal = {Sustainable Development},
    volume = {30},
    number = {7}, 
    pages = {76-89},
    year = {2022}
}
@article{chen2022ai,
    author = {Chen, M and Xu, Y and Wu, Y},
    title = {AI-driven analysis of blockchain data for transparency in carbon markets},
    journal = {Blockchain Technology and Applications},
    volume = {7}, 
    pages = { 134-145}, 
    year = {2022}
}
@article{zhao2022blockchain,
    author = {Zhao, S and Zhang, P and Li, x},
    title = {Blockchain for data validation in AI systems for carbon credit trading},
    journal = {Journal of Blockchain Research},
    volume = {17},
    pages = {56-68},
    year = {2022}
}
@article{wang2022enhancing,
    author = {Wang, H and Li, J and Li, X},
    title = {Enhancing data validation and transparency in carbon credit trading with AI and blockchain},
    journal = {Computational Sustainability},
    volume = {10},
    number = {3}, 
    pages = {212-225},
    year = {2022}
}
@article{Baklaga2023synergizing,
    author = {Baklaga, L},
    title = {Synergizing AI and Blockchain: Innovations in Decentralized Carbon Markets for Emission Reduction through Intelligent Carbon Credit Trading},
    journal = {Journal of Computer Science and Technology Studies (JCSTS)},
    volume = {1},
    number = {1},
    pages = {111},
    doi = {10.32996},
    year = {2024}
}
@article{doe2023enhancing,
    author = {Doe, J and Smith, A},
    title = {Enhancing Carbon Credit Markets with Blockchain and ZKP Integration},
    journal = {Journal of Blockchain Technology},
    volume = {12},
    number = {3},
    pages = {45-56}, 
    year = {2023}
}
@article{brown2022ai,
    author = {Brown, L},
    title = {AI Innovations in Emission Tracking and Market Prediction},
    journal = {Environmental Science \& Policy},
    volume = {29},
    number = {4}, 
    pages = {213-229},
    year = {2022}
}
@article{green2023machine,
    author = {Green, R and Patel, K},
    title = {Machine Learning Applications in Carbon Markets},
    journal = {AI for Sustainable Development},
    volume = {8},
    number = {2},
    pages = {100-120},
    year = {2023}
}
@article{white2023smart,
    author = {White, S and Chang, T},
    title = {Smart Contracts and AI Synergy for Carbon Trading Efficiency},
    journal = {Journal of Environmental Economics},
    volume = {14},
    number = {1},
    pages = {67-89},
    year = {2023}
}
@article{black2022fraud,
    author = {Black, P},
    title = {Fraud Detection in Carbon Markets Using Deep Learning Models},
    journal = {Sustainable Tech Advances},
    volume = {11},
    number = {3},
    pages = {123-140},
    year = {2022}
}
@article{davis2023ai,
    author = {Davis, M},
    title = {AI-Driven Predictive Models for Carbon Credit Pricing},
    journal = {AI \& Finance Journal},
    volume = {6},
    number = {4}, 
    pages = {87-102},
    year = {2023}
}
@article{kumar2023ai,
    author = {Kumar, R and Lee, J},
    title = {AI-Driven Carbon Credit Markets: Enhancing Transparency and Market Integrity},
    journal = {Sustainable Blockchain Research},
    volume = {7}, 
    number = {1}, 
    pages = {98-110},
    year = {2023}
}
@article{solarcoin2019incentivizing,
    puplisher  = {SolarCoin Foundation},
    title = {Incentivizing Solar Energy: The Role of Blockchain},
    journal = {Renewable Energy Insights},
    volume = {5},
    number = {1},
    pages = {12-25},
    year = {2019}
}
@article{ecocoin2021promoting,
    publisher = {EcoCoin Initiative},
    title = {Promoting Eco-Friendly Practices Through Blockchain},
    journal = {Green Technology Bulletin},
    volume = {7},
    number = {3},
    pages = {78-85},
    year = {2021},
}
@article{author2020improving,
    author = {Author, X and Author2, Y and Author 3, Z},
    title = {Improving prediction accuracy in carbon credit markets using machine learning},
    journal = {Journal of Environmental Economics and Management},
    volume = {55},
    number = {3},
    pages = {167-182},
    year = {2020}
}
@article{Authora2021neural,
    author = {Author, A and Author, B and Author, C},
    title = {Neural networks for forecasting carbon credit demand},
    journal = {Renewable Energy Economics},
    volume = {42},
    number = {5},
    pages = {1234-1245},
    year = {2021}
}
@article{authord2019reducing,
    author = {Author, D and Author, E and Author, F},
    title = {Reducing price volatility in carbon markets with reinforcement learning},
    journal = {International Journal of Artificial Intelligence in Economics},
    volume = {30},
    number = {2},
    pages = {98-115},
    year = {2019}
}
@article{authorg2020deep,
    author = {Author, G and Author, H and Author, I},
    title = {Deep learning approaches for fraud detection in carbon credit transactions},
    journal = {Journal of Carbon Market Research},
    volume = {18},
    number = {4},
    pages = {256-270},
    year = {2020}
}
@article{author1j2021ai,
    author = {Author1, J and Author2, K and Author3, L},
    title = {AI-driven compliance verification in carbon credit markets},
    journal = {Environmental Compliance and Management Review},
    volume = {13},
    number = {3},
    pages = {102-117},
    year = {2021}
}
@article{author1m2022reducing,
    author = {Author1, M and Author2, N and Author3, P},
    title = {"Reducing operational costs in carbon credit issuance with AI automation},
    journal = {Sustainable Business Practices Journal},
    volume = {28},
    number = {1},
    pages = {75-89},
    year = {2022}
}
@article{zhang2021privacy,
    author = {Zhang, M and Li, J and Liu, Y},
    title = {Privacy-Preserving Carbon Credit Trading via Zero-Knowledge Proofs},
    journal = {IEEE Access},
    volume = {9},
    pages = {54572-54581},
    year = {2021}
}
@article{zhao2021scalable,
    author = {Zhao, T},
    title = {Scalable Blockchain Solutions with Zero-Knowledge Proofs for Carbon Credit Markets},
    journal = {Future Generation Computer Systems},
    volume = {115},
    pages = {149-158},
    year = {2021}
}
%2%27 solarcoin2019incentivizing  repeated
@article{bohme2018blockchain,
    author = {Bohme, R},
    title = {Blockchain and Carbon Credit Trading},
    journal = {Int. J. Environ. Sci. Technol},
    volume = {15},
    number = {6},
    pages = {1107-1119},
    year = {2018}
}
%2%29
@article{cheng2019blockchain,
    author = {Cheng, W},
    title = {Blockchain for Carbon Market Efficiency},
    journal = {Environ. Econ. Policy Stud.},
    volume = {21},
    pages = {141-158},
    year = {2019}
}
%2%30
@article{franke2020blockchain,
    author = {Franke, J},
    title = {Blockchain and IoT for Environmental Data Verification},
    journal = {Int. J. Environ. Monitor},
    volume = {22},
    number = {3},
    pages = {45-67},
    year = {2020}
}
%2%31
@CitekeyMisc{johnson2015connecting,
    author = {Johnson, J.L and Isam, A and Gogerty, N and Zitoli, J},
    title = {Connecting the blockchain to The Sun to save the planet},
    journal = {SSRN},
    howpublished = "\url{https://doi.org/10.2139/ssrn.2702639}",
    year = {2015}
}
%2%32
@CitekeyMisc{dispenza2017energy,
    author = {Dispenza, J and Garcia, C and Molecke, R},
    title = {Energy Efficiency Coin (EECoin)—A Blockchain Asset Class Pegged to Renewable Energy Markets},
    howpublished = "\url{https://enledger.io/Energy\_Efficiency\_Coin\_Whitepaper\_v1\_0.pdf}",
    year = {2017}
}
%2%33
@CitekeyMisc{ecocoin2023,
    title = {The Eco Coin: Introducing a Digital Crypto Agora},
    howpublished = "\url{ https://www.ecocoin.com/blog-posts/the-return-of-direct-democracy-introducing-a-digital-agora-to-the-cryptoworld}",
    year = {2023}
}
%2%34
@CitekeyMisc{ecocoina2023,
    title = {The ECo Coin—A Cryptocurrency Backed by Sustainable Assets},
    journal = {Next Nature Network},
    howpublished = "\url{https://uploads-ssl.webflow.com/5c1b58255c613376879c2558/5c4970105b4d237571564f43\_ECOcoin\_white\_paper\_v1.0.pdf}",
    year = {2023}
}
%2%35
@inproceedings{mihaylov2014nrgcoin,
  title={NRGcoin: Virtual currency for trading of renewable energy in smart grids},
  author={Mihaylov, Mihail and Jurado, Sergio and Avellana, Narc{\'\i}s and Van Moffaert, Kristof and de Abril, Ildefons Magrans and Now{\'e}, Ann},
  booktitle={11th International conference on the European energy market (EEM14)},
  pages={1--6},
  year={2014},
  organization={IEEE}
}
%2%36
@article{authorp2021ai,
    author = {Author1, P and Author2, Q and Author3, R},
    title = {AI and blockchain integration for improving market efficiency in carbon trading},
    journal = {Journal of Blockchain Technology in Sustainability},
    volume = {7},
    number = {2},
    pages = {153-168},
    year = {2021}
}
%2%37
@article{authors2020optimizing,
    author = {Author1, S and Author2, T and Author3, U},
    title = {Optimizing transaction accuracy with AI in blockchain-based carbon credit trading},
    journal = {Blockchain for Environmental Finance Journal},
    volume = {5},
    number = {4},
    pages = {299-312},
    year = {2020}
}
@article{authorv2022ai,
    author = {Author1, V and Author2, W and Author3, X},
    title = {AI and blockchain synergy for reducing market manipulation in carbon credit systems},
    journal = {International Journal of Carbon Market Innovations},
    volume = {15},
    number = {2},
    pages = {145-160},
    year = {2022}
}
%2%39
@article{authory2021improving,
    author = {Author1, Y and Author2, Z and Author3, A},
    title = {Improving transparency in carbon credit markets through AI and blockchain},
    journal = {Environmental Sustainability and Blockchain Journal},
    volume = {9},
    number = {1},
    pages = {37-48},
    year = {2021}
}
%2%40
@article{authorb2022enhancing,
    author = {Author1, B and Author2, C and Author3, D},
    title = {Enhancing scalability in blockchain-based carbon credit systems using Zero-Knowledge Proofs},
    journal = {Blockchain Technology in Environmental Solutions Journal},
    volume = {8},
    number = {3},
    pages = {202-214},
    year = {2022}
}
%2%41
@article{authore2021improving,
    author = {Author1, E and Author2, F and Author3, G},
    title = {Improving data validation and transparency in carbon trading with blockchain and AI},
    journal = {Blockchain for Environmental Impact Journal},
    volume = {10},
    number = {2},
    pages = {180-195},
    year = {2021}
}
%pg26%1
@article{bunz2021rollups,
    author = {Bunz, B},
    title = {ZK-Rollups: A Scalable Solution for Blockchain},
    journal = {IEEE Security \& Privacy},
    volume = {},
    number = {},
    pages = {},
    howpublished = {},
    year = {2021}
}
%pg26%2
@article{buterin2013ethereum,
    author = {Buterin, V},
    title = {Ethereum White Paper},
    journal = {Ethereum Foundation},
    year = {2013}
}
%pg26%11
@article{rejeb2021blockchain,
    author = {Rejeb, A},
    title = {Blockchain Technology in Carbon Trading: Challenges and Regulatory Solutions},
    journal = {Energy Policy},
    year = {2021}
}
%pg26%12
@article{gracia2021developing,
    author = {Garcia, R},
    title = {Developing Regulatory Frameworks for AI and Blockchain Integration in the Carbon Market},
    journal = {Government Information Quarterly},
    year = {2021}
}
%methodology
%1 repeated at 22
@article{wood2014ethereum,
  title={Ethereum: A secure decentralised generalised transaction ledger},
  author={Wood, Gavin and others},
  journal={Ethereum project yellow paper},
  volume={151},
  number={2014},
  pages={1--32},
  year={2014}
}
%2
@inproceedings{Sabadello2018decentralized,
  title={Decentralized identity. },
  author={Sabadello, M},
  year={2018},
  publisher={IEEE European Symposium on Security and Privacy Workshops}
}
@article{Sabadello2018decentralized,
  title={Decentralized identity. },
  author={Sabadello, M},
  journal={IEEE Access},
  volume={9},
  pages={105788--105804},
  year={2021},
  publisher={IEEE European Symposium on Security and Privacy Workshops}
}
%3
@article{reed2020decentralized,
  title={Decentralized identifiers (dids) v1. 0},
  author={Reed, Drummond and Sporny, Manu and Longley, Dave and Allen, Christopher and Grant, Ryan and Sabadello, Markus and Holt, Jonathan},
  journal={Draft Community Group Report},
  year={2020},
  publisher={W3C Cambridge, MA, USA}
}
%4
@inproceedings{sasson2014zerocash,
  title={Zerocash: Decentralized anonymous payments from bitcoin},
  author={Sasson, Eli Ben and Chiesa, Alessandro and Garman, Christina and Green, Matthew and Miers, Ian and Tromer, Eran and Virza, Madars},
  booktitle={2014 IEEE symposium on security and privacy},
  pages={459--474},
  year={2014},
  organization={IEEE}
}
%5
@article{naik2018blokchain,
    author = {Naik, N},
    title = {Blockchain and self-sovereign identity: a distributed ledger technology for data sharing and privacy},
    journal = {IEEE European Symposium on Security and Privacy Workshops},
    year = {2018}
}
%6
@misc{parno2013snarks,
    author = {Parno, B and howe, J and Gentry, C},
   title = {zk-SNARKs: Practical verifiable computation},
    journal = {Advances in Cryptology},
    year = {2013}
}
%7
@article{buterin2014next,
  title={A next-generation smart contract and decentralized application platform},
  author={Buterin, Vitalik and others},
  journal={white paper},
  volume={3},
  number={37},
  pages={2--1},
  year={2014}
}
%8
@article{hughes2019potential,
    author = {Hughes, D and Greenwood, D and Smith, M},
    title = { The potential of decentralized identity for improved privacy and security},
    journal = {IEEE Access},
    pages = {6740-6750},
    year = {2019}
}
%9
@CitekeyMisc{mediumhowpublished,
howpublished = "\url{https://medium.com/@jelenahoffart/web3-has-an-identity-problem-building-decentralized-identity-7d8219a992db}"
}
%10
@article{wong2019wong,
    author = {Wong, P and Radhakrishnan, D},
    title = {Blockchain for carbon markets},
    journal = {Journal of Cleaner Production},
    pages = {1482-1495},
    volume = {232},
    year = {2019}
}
%11 repeated at 19, 29, 35
@article{adams2018blockchain,
  title={Blockchain for good? Digital ledger technology and sustainable development goals},
  author={Adams, Richard and Kewell, Beth and Parry, Glenn},
  journal={Handbook of sustainability and social science research},
  pages={127--140},
  year={2018},
  publisher={Springer}
}
%12
@book{tapscott2016blockchain,
  title={Blockchain revolution: how the technology behind bitcoin is changing money, business, and the world},
  author={Tapscott, Don and Tapscott, Alex},
  year={2016},
  publisher={Penguin}
}
%13 %repeated at 16, 24, 27, 37
@article{parikh2022smart,
    author = {Parikh, A and Fathy, A},
    title = {Smart grid IoT integration and blockchain for emission management},
    journal = {IEEE Access},
    volume = {10},
    pages = {1256-1269},
    year = {2022}
}
%14  buterin2014next repeated
%15
@article{wong2019blockchain,
    author = {Wong, P and Radhakrishnan, D},
    title = {Blockchain for carbon markets},
    journal = {Journal of Cleaner Production},
    volume = {232},
    pages = {1482-1495},
    year = {2019}
}
%16 parikh2022smart repeated
%17 tapscott2016blockchain repeated
%18
@article{parikh2020smart,
    author = {Parikh, A and Fathy, A},
    title =  {Smart grid IoT integration and blockchain for emission management},
    journal = {IEEE Access},
    volume = {10},
    pages = {1256-1269},
    year =  {2022}
}
%19  adams2018blockchain repeated
%20
@incollection{perez2002technological,
  title={Technological revolutions and financial capital: The dynamics of bubbles and golden ages},
  author={Perez, Carlota},
  booktitle={Technological revolutions and financial capital},
  year={2002},
  publisher={Edward Elgar Publishing}
}
%21 wong2019blockchain repeated
%22 wood2014ethereum repeated
%23 repeated at 36
@article{king2012ppcoin,
  title={Ppcoin: Peer-to-peer crypto-currency with proof-of-stake},
  author={King, Sunny and Nadal, Scott},
  journal={self-published paper, August},
  volume={19},
  number={1},
  year={2012}
}
%24 buterin2014next repeated
%25 parikh2022smart repeated
%26 sasson2014zerocash
%27 parikh2022smart repeated
%28 sasson2014zerocash
%29 adams2018blockchain repeated
%30 perez2002technological
%31 wong2019blockchain repeated
%32 tapscott2016blockchain
%33 perez2002technological
%34 wong2019blockchain repeated
%35 adams2018blockchain repeated
%36 king2012ppcoin repeated
%37 parikh2022smart repeated